@string{proc=""}

% see https://cryptobib.di.ens.fr/ for common conference acronyms

@string{ACNS=proc # "International Conference on Applied Cryptography and Network Security (ACNS)"}
@string{ACSAC=proc # "Annual Computer Security Applications Conference (ACSAC)"}
@string{ACISP=proc # "Australasian Conference on Information Security and Privacy (ACISP)"}
@string{APSYS=proc # "Asia-Pacific Workshop on Systems (APSys)"}
@string{ASE=proc # "IEEE/ACM International Conference on Automated Software Engineering (ASE)"}
@string{ASIA=proc # "Annual Symposium Information Assurance (ASIA)"}
% N.B., Be careful with ASIACCS and ASIA CCS
@string{ASIACCS=proc # "ACM Symposium on Information, Computer and Communications Security (ASIACCS)"}
@string{ASIA-CCS=proc # "ACM Asia Conference on Computer and Communications Security (ASIA CCS)"}
@string{ASIACRYPT=proc # "International Conference on the Theory and Application of Cryptology and Information Security (ASIACRYPT)"}
@string{ASPLOS=proc # "ACM International Conference on Architectural Support for Programming Languages and Operating Systems (ASPLOS)"}
@string{ASSS=proc # "International Symposium on Advanced Security on Software and Systems (ASSS)"}
@string{ATC=proc # "USENIX Annual Technical Conference (ATC)"}
@string{BLACKHAT_EUROPE=proc # "Black Hat Europe"}
@string{BLACKHAT_USA=proc # "Black Hat USA"}
@string{BSDCAN=proc # "BSDCan"}
@string{CACM="Communications of the ACM"}
@string{CANS= proc # "International Conference on Cryptology and Network Security (CANS)"}
@string{CANSECWEST= proc # "CanSecWest"}
@string{CCPE="Concurrency and Computation: Practice and Experience"}
@string{CCR= proc # "ACM SIGCOMM Computer Communication Review (CCR)"}
@string{CCS= proc # "ACM Conference on Computer and Communications Security (CCS)"}
@string{CCSW= proc # "ACM Workshop on Cloud Computing Security (CCSW)"}
@string{CHANTS= proc # "ACM Workshop on Challenged Networks (CHANTS)"},
@string{CODASPY= proc # "ACM Conference on Data and Application Security and Privacy (CODASPY)"}
@string{COMPUTER= "Computer"}
@string{CONEXT= proc # "ACM Conference on emerging Networking EXperiments and Technologies (CoNEXT)"}
@string{COSE="Computers \& Security"}
@string{CRYPTO= proc # "International Cryptology Conference (CRYPTO)"}
@string{CT_RSA= proc # "The Cryptographers' Track at the RSA Conference on Topics in Cryptology (CT-RSA)"},
@string{DAIS= proc # "International Conference on Distributed Applications and Interoperable Systems (DAIS)"}
@string{DCC="Designs, Codes, and Cryptography"}
@string{DIMVA= proc # "Conference on Detection of Intrusions and Malware \& Vulnerability Assessment (DIMVA)"}
@string{DSN= proc # "IEEE/IFIP International Conference on Dependable Systems and Networks (DSN)"},
@string{EUROCRYPT=proc # "International Conference on the Theory and Applications of Cryptographic Techniques (EUROCRYPT)"}
@string{EUROSEC=proc # "European Workshop on Systems Security"}
@string{EUROSP=proc # "IEEE European Symposium on Security and Privacy (EuroS\&P)"}
@string{EUROSYS=proc # "European Conference on Computer Systems (EuroSys)"}
@string{ESORICS=proc # "European Symposium on Research in Computer Security (ESORICS)"}
@string{FAST=proc # "USENIX Conference on File and Storage Technologies (FAST)"}
@string{FC=proc # "International Conference on Financial Cryptography and Data Security (FC)"}
@string{FDNA=proc # "Workshop on Future Directions in Network Architectures (FDNA)"}
@string{FGCS=proc # "Future Generation Computer Systems"}
@string{FOCI=proc # "USENIX Workshop on Free and Open Communications on the Internet (FOCI)"}
@string{FOCs=proc # "Symposium on Foundations of Computer Science (FOCS)"}
@string{GLOBECOM=proc # "IEEE Global Communications Conference (GLOBECOM)"}
@string{HASP=proc # "Workshop on Hardware and Architectural Support for Security and Privacy (HASP)"}
@string{HPCA=proc # "International Symposium on High-Performance Computer Architecture (HPCA)"}
@string{HOTCLOUD=proc # "USENIX Workshop on Hot Topics in Cloud Computing (HotCloud)"}
@string{HOTNETS=proc # "Workshop on Hot Topics in Networks (HotNets)"}
@string{HOTOS=proc # "Workshop on Hot Topics in Operating Systems (HotOS)"}
@string{ICCCN=proc # "International Conference on Computer Communication and Networks (ICCCN)"}
@string{ICCP=proc # "IEEE International Conference on Intelligent Computer Communication and Processing (ICCP)"}
@string{ICDCS=proc # "International Conference on Distributed Computing Systems (ICDCS)"}
@string{ICLR=proc # "International Conference on Learning Representations (ICLR)"}
@string{ICNP=proc # "IEEE International Conference on Network Protocols (ICNP)"}
@string{ICISC=proc # "International Conference on Information Security and Crytology (ICISC)"}
@string{ICPADS=proc # "International Conference on Parallel and Distributed Systems (ICPADS)"}
@string{ICPP=proc # "International Conference on Parallel Processing (ICPP)"}
@string{ICS=proc # "International Conference on Supercomputing (ICS)"}
@string{ICWN=proc # "International Conference on Wireless Networks (ICWN)"}
@string{IJACT="International Journal of Applied Cryptography"}
@string{IJSA="International Journal of Security and Its Applications"},
@string{IMC=proc # "ACM Internet Measurement Conference (IMC)"}
@string{IMW=proc # "ACM Internet Measurement Workshop (IMW)"}
@string{INFOCOM=proc # "IEEE Conference on Computer Communications (INFOCOM)"}
@string{IPTPS=proc # "Workshop on Peer-to-Peer Systems (IPTPS)"}
@string{ISCA=proc # "International Symposium on Computer Architecture (ISCA)"}
@string{ISCC=proc # "IEEE Symposium on Computers and Communications (ISCC)"}
@string{ISSTA=proc # "ACM SIGSOFT International Symposium on Software Testing and Analysis (ISSTA)"}
@string{JOC="Journal of Cryptology"},
@string{MADWEB=proc # "Workshop on Measurements, Attacks, and Defenses for the Web (MADWeb)"}
@string{MANLANG=proc # "International Conference on Managed Languages \& Runtimes (ManLang)"}
@string{MARK=proc # "International Workshop on Managing Requirements Knowledge (MARK)"}
@string{MICRO=proc # "IEEE/ACM International Symposium on Microarchitecture (MICRO)"}
@string{MIDDLEWARE=proc # "ACM/IFIP/USENIX International Middleware Conference (MIDDLEWARE)"}
@string{MOBICOM=proc # "ACM Conference on Mobile Computing and Networking (MobiCom)"}
@string{MOBIHOC=proc # "ACM Symposium on Mobile Ad Hoc Networking and Computing (MobiHoc)"}
@string{MOBISYS=proc # "ACM Conference on Mobile Systems, Applications, and Services (MobiSys)"}
@string{NDSS=proc # "Network and Distributed System Security Symposium (NDSS)"}
@string{NEURIPS=proc # "Conference on Neural Infromation Processing Systems (NeurIPS)"}
@string{NOSSDAV=proc # "Workshop on Network and Operating Systems Support for Distributed Audio and Video (NOSSDAV)"}
@string{NSDI=proc # "Symposium on Networked Systems Design and Implementation (NSDI)"}
@string{OASIS=proc # "Workshop on Operating System and Architectural Support for the on demand IT Infrastructure"}
@string{OAKLAND=proc # "IEEE Symposium on Security and Privacy"}
@string{OLS=proc # "Ottawa Linux Symposium (OLS)"}
@string{OSDI=proc # "Symposium on Operating Systems Design and Implementation (OSDI)"}
@string{OSR= proc # "ACM SIGOPS Operating Systems Review (OSR)"}
@string{P2PECON=proc # "Workshop on Economics of Peer-to-Peer Systems (P2PEcon)"}
@string{PAM=proc # "Passive and Active Network Measurement Workshop (PAM)"}
@string{PET=proc # "Workshop on Privacy Enhancing Technologies (PET)"}
@string{PETS=proc # "Privacy Enhancing Technologies Symposium (PETS)"}
@string{PINS=proc # "ACM Workshop on Practice and Theory of Incentives in Networked Systems (PINS)"}
@string{PKC=proc # "International Workshop on Public Key Cryptography (PKC)"}
@string{PLDI=proc # "ACM SIGPLAN's Conference on Programming Language Design and Implementation (PLDI)"}
@string{PODC=proc # "ACM Symposium on Principles of Distributed Computing (PODC)"}
@string{POPL=proc # "ACM SIGPLAN Symposium on Principles of Programming Languages (POPL)"}
@string{PPOPP=proc # "ACM SIGPLAN Symposium on Principles \& Practice of Parallel Programming (PPOPP)"}
@string{PROC-IEEE=proc # "of the IEEE"}
@string{PST=proc # "International Conference on Privacy, Security and Trust (PST)"}
@string{RAID=proc # "International Symposium on Research in Attacks, Intrusions, and Defenses (RAID)"}
@string{RFC = "{IETF RFC-}"}
@string{SASO="IEEE International Conference on Self-Adaptive and Self-Organizing Systems (SASO)"}
@string{SEC=proc # "USENIX Security Symposium"}
@string{SECDEV=proc # "IEEE Secure Development Conference (SECDEV)"}
% the sigcomm conference is not named this.  it often has a different name each time.  -ns
@string{SIGCOMM=proc # "ACM SIGCOMM"}
@string{SIGCOMM_WDTN=proc # "ACM SIGCOMM Workshop on Delay-Tolerant Networking"}
@string{SIGMETRICS=proc # "ACM International Conference on Measurement and Modeling of Computer Systems (SIGMETRICS)"}
@string{SJ=proc # "IEEE Systems Journal"}
@string{SOCC=proc # "ACM Symposium on Cloud Computing (SOCC)"}
@string{SOSP=proc # "ACM Symposium on Operating Systems Principles (SOSP)"}
@string{SPAA=proc # "ACM Symposium on Parallelism in Algorithms and Architectures (SPAA)"}
@string{SPACESEC=proc # "Workshop on Security of Space and Satellite Systems (SpaceSec)"}
@string{STC="Workshop on Scalable Trusted Computing (STC)"}
@string{STOC=proc # "ACM Symposium on Theory of Computing (STOC)"}
@string{SYSTEX=proc # "Workshop on System Software for Trusted Execution (SysTEX)"}
@string{SYSTOR=proc # "ACM International Systems and Storage Conference (SYSTOR)"}
@string{TCC=proc # "Theory of Cryptography Conference (TCC)"}
@string{TIFS="IEEE Transactions on Information Forensics and Security"}
@string{TISSEC="ACM Transactions on Information and Systems Security (TISSEC)"}
@string{TMA=proc # "Network Traffic Measurement and Analysis Conference (TMA)"}
@string{TOCS="ACM Transactions on Computer Systems"}
@string{TOIT="IEEE Transactions on Information Theory"}
@string{TON="Networking, IEEE/ACM Transactions on"}
@string{TONSM="IEEE Transactions on Network and Service Management"}
@string{TPDS="IEEE Transactions on Parallel and Distributed Systems"}
@string{TRUSTCOM="IEEE International Conference on Trust, Security and Privacy in Computing and Communications (TrustCom)"}
@string{UBICOMP=proc # "International Conference on Ubiquitous Computing (Ubicomp)"}
@string{USTC=proc # "USENIX Summer Technical Conference (USTC)"}
@string{VEE=proc # "ACM International Conference on Virtual Execution Environments (VEE)"}
@string{WATC=proc # "Workshop on Advances in Trusted Computing (WATC)"}
@string{WISEC=proc # "ACM Conference on Security and Privacy in Wireless and Mobile Networks (WiSec)"}
@string{WN="Wireless Networks"}
@string{WONS=proc # "Annual Conference on Wireless On-demand Network Systems and Services (WONS)"}
@string{WOSN=proc # "ACM Workshop on Online Social Networks (WOSN)"}
% {ACM International Workshop of Wireless Mobile Multimedia},
@string{WOWMOM=proc # "IEEE International Symposium on a World of Wireless Mobile and Multimedia Networks (WoWMoM)"}
@string{WSNA=proc # "ACM International Workshop on Wireless Sensor Networks and Applications (WSNA)"}
@string{WTEC=proc # "USENIX Winter Technical Conference (WTEC)"}
@string{WWW=proc # "International World Wide Web Conference (WWW)"}
